@article{autorskaprava,
  title={Закон о ауторским и сродним правима},
  journal={Службени гласник Републике Србије},
  author="{Република Србија}",
  number={104/2009, 99/2011, 119/2012 и 29/2016 - одлука УС},
  year={2009-2016}
}

@article{zospi,
  title={Закон о слободном приступу информацијама од јавног значаја},
  author="{Република Србија}",
  journal={Службени гласник Републике Србије},
  number={120/2004, 54/2007, 104/2009 и 36/2010},
  year={2004-2010}
}

@misc{upismpn,
  author="{Министарство просвете, науке и технолошког развоја}",
  title="Упис у средње школе Републике Србије",
  url="http://upis.mpn.gov.rs/",
  year={1.2.2018.}
}

@article{boeing2017new,
  title={New insights into rental housing markets across the united states: web scraping and analyzing craigslist rental listings},
  author={Boeing, Geoff and Waddell, Paul},
  journal={Journal of Planning Education and Research},
  volume={37},
  number={4},
  pages={457--476},
  year={2017},
  publisher={SAGE Publications Sage CA: Los Angeles, CA}
}

@misc{opendatadef,
    author="{Портал отворених података}",
    title="О порталу отворених података",
    url="https://data.gov.rs/sr/discover/",
    year={1.2.2018.}
}

@misc{w3domdef,
    author="{W3 Конзорцијум}",
    title="{Document Object Model (DOM)}", 
    url="https://www.w3.org/DOM/#what",
    month={Јануар},
    year={2005}
}

@misc{robotstxt,
  author="{Web Robot Pages}",
  title="Robots Exclusion Standard",
  url="http://www.robotstxt.org/orig.html",
  year={1.2.2018.}
}

@article{htmltables,
  author={Gruber, Jordan S.},
  title="Outta Site",
  url="https://www.wired.com/1997/02/outta-site/",
  journal="Wired",
  year="1997",
  month="Фебруар"
}
  
@misc{apacheperf,
  author="{Apache HTTP Server Project}",
  title="Performance scaling",
  url="https://httpd.apache.org/docs/trunk/misc/perf-scaling.html",
  year="{3.2.2017.}"
}

@article{izvestaj15,
  author="{Завод за вредновање квалитета образовања и васпитања}",
  title="Извештај о реализацији и резултатима завршног испита на крају основног образовања и васпитања у школској 2014/2015. години",
  year={2015},
  publisher="{Завод за вредновање квалитета образовања и васпитања}"
}

@article{izvestaj16,
	author="{Завод за вредновање квалитета образовања и васпитања}",
	title="Извештај o резултатима завршног испита на крају основног образовања и васпитања школска 2015/16. година",
	year={2016},
	publisher="{Завод за вредновање квалитета образовања и васпитања}"
}

@article{izvestaj16manjine,
	author="{Завод за вредновање квалитета образовања и васпитања}",
	title="Извештај о резултатима завршног испита ученика припадника националних мањина -школска 2015/2016. година-",
	year={2016},
	publisher="{Завод за вредновање квалитета образовања и васпитања}"
}

@article{izvestaj17,
	author="{Завод за вредновање квалитета образовања и васпитања}",
	title="Извештај о реализацији и резултатима завршног испита на крају основног образовања и васпитања, школска 2016/2017. година",
	year={2017},
	publisher="{Завод за вредновање квалитета образовања и васпитања}"
}

@article{izvestaj17manjine,
	author="{Завод за вредновање квалитета образовања и васпитања}",
	title="Извештај о резултатима завршног испита ученика припадника националних мањина за школску 2016/17. годину",
	year={2017},
	publisher="{Завод за вредновање квалитета образовања и васпитања}"
}
  
@inproceedings{gupta2003dom,
  title={DOM-based content extraction of HTML documents},
  author={Gupta, Suhit and Kaiser, Gail and Neistadt, David and Grimm, Peter},
  booktitle={Proceedings of the 12th international conference on World Wide Web},
  pages={207--214},
  year={2003},
  organization={ACM}
}

@article{barnes2007object,
  title={Object-relational mapping as a persistence mechanism for object-oriented applications},
  author={Barnes, Jeffrey M.},
  journal={Mathematics, Statistics, and Computer Science Honors Projects},
  volume={6},
  year={2007}
}

@book{abadi2012theory,
  title={A theory of objects},
  author={Abadi, Martin and Cardelli, Luca},
  year={1996},
  publisher={Springer Science \& Business Media}
}

@inproceedings{yang2008DI,
  doi	 = {10.1109/aswec.2008.4483212},
  title	 = { [IEEE 2008 19th Australian Conference on Software Engineering ASWEC - Perth, Australia (2008.03.26-2008.03.28)] 19th Australian Conference on Software Engineering (aswec 2008) - An Empirical Study into Use of Dependency Injection in Java},
  author = {Yang, Hong Yul; Tempero, Ewan; Melton, Hayden},
  isbn	 = {978-0-7695-3100-7},
  year	 = {2008},
  page	 = {239--247}
}

@inproceedings{peters2013content,
	title={Content extraction using diverse feature sets},
	author={Peters, Matthew E and Lecocq, Dan},
	booktitle={Proceedings of the 22nd International Conference on World Wide Web},
	pages={89--90},
	year={2013},
	organization={ACM}
}

@misc{awsdiffbot,
	title={AWS Case Study: Diffbot},
	author={Amazon},
	url="https://aws.amazon.com/solutions/case-studies/diffbot/"
}